@online {
	GPGPU_Hollander,
	title			= {Ren\Ã©s GitHub},
	howpublished	= {https://github.com/ReneHollander/opencl-example},
	note			= {Zuletzt besucht: 15.01.2016}
}

@online	{
	elektronik_gpgpu,
	title ={gpgpu},
	howpublished ={http://www.elektronik-kompendium.de/sites/com/1405281.htm}
}

@online{
	matlab,
	title = {matlab},
	howpublished = {http://de.mathworks.com/discovery/matlab-gpu.html}
}

@online{
	gpupi,
	title = {gpupi},
	howpublished = {https://www.overclockers.at/news/gpupi-international-support-thread}
}

@online{
	compubench,
	title = {compubench},
	howpublished = {https://compubench.com/result.jsp?benchmark=compu15d}
}